111111111111111111111111111111111111111111111111111111111111111111111111111111111111111c1111111111111111111111111
1111111111111111c111c1111c111111111111111111111111111111111111111111111111111111111111444111111111111111111111111
1111111111111111411141114411111111111111411111111111111111111111111114111111111111c111111111111111111111111111111
11111111111111111111111111111111111111144444444444444444444444444444441111111111144411111111111111111111111111111
11111111111111111111111111111111111111111111111111111111111111111111111111111111111111111111111111111111111111111
11111111111144111111111111114111111114111t1111111t11111111t1111111t1111111111111111111111111111111111111111111111
11145451111111511111111111111111111111111111111111111111111111111111111111111131111111111111111111111111111111111
11111111111111111111111111111111111111111111111111111111111111111111111111111323111111111111111111111111111111111
1111111111311111111111111111111111131111111111111111111111111111111111111111322231111111111111111111111111111111a
11111111132311111111111111111111111211111111g111111111g11g11g11111g1111111132222231111111113111g11311311g11131133
33333333322233333311133111333111333233333333333333333333333333333333333333322222223311111112333333211233333321122
22222222222222222211122111222111222222222222222222222222222222222222222222222222222211111112222222211222222221122

