11111111111111111111111111111111111111111111111111111111111111111111111111111111111111111111111111111111111111111
11111111111111111111111111111111111111111111111111111111111111111111111111111111111111444111111111111111111111111
11111111111111114111411144111111111111114111111111111111111111111111141111111111111111111111111111111111111111111
11111111111111111111111111111111111111144444444444444444444444444444441111111111144411111111111111111111111111111
11111111111111111111111111111111111111111111111111111111111111111111111111111111111111111111111111111111111111111
11111111111144111111111111114111111114111111111111111111111111111111111111111111111111111111111111111111111111111
11145451111111511111111111111111111111111111111111111111111111111111111111111131111111111111111111111111111111111
11111111111111111111111111111111111111111111111111111111111111111111111111111323111111111111111111111111111111111
11111111113111111111111111111111111311111111111111111111111111111111111111113222311111111111111111111111111111111
11111111132311111111111111111111111211111111111111111111111111111111111111132222231111111113111111311311111131133
33333333322233333311133111333111333233333333333333333333333333333333333333322222223311111112333333211233333321122
22222222222222222211122111222111222222222222222222222222222222222222222222222222222211111112222222211222222221122

